@misc{ wiki:finite_field,
   author = "Wikipedia",
   title = "Finite field --- Wikipedia{,} The Free Encyclopedia",
   year = "2015",
   howpublished = "\url{https://en.wikipedia.org/wiki/Finite_field}",
   note = "[Online; accessed 8-November-2015]"
 }
