@misc{wiki:latex,
   author = "Wikibooks",
   title = "LaTeX --- Wikibooks{,} The Free Textbook Project",
   year = 2015,
   howpublished = "\url{https://en.wikibooks.org/wiki/LaTeX}"
},

@misc{wiki:tri_func,
  author = "Wikipedia",
  title = "Trigonometric functions --- Wikipedia{,} The Free Encyclopedia",
  year = "2015",
  howpublished = "\url{https://en.wikipedia.org/wiki/Trigonometric_functions}"
},
